@inproceedings{qu2016sdna,
  title={SDNA: stochastic dual Newton ascent for empirical risk minimization},
  author={Qu, Zheng and Richt{\'a}rik, Peter and Tak{\'a}c, Martin and Fercoq, Olivier},
  booktitle={International Conference on Machine Learning},
  year={2016}
}

@article{fountoulakis2015flexible,
  title={A flexible coordinate descent method},
  author={Fountoulakis, Kimon and Tappenden, Rachael},
  journal={arXiv preprint arXiv:1507.03713},
  year={2015}
}

@article{srinivasan2015graphical,
  title={Graphical Newton},
  author={Srinivasan, Akshay and Todorov, Emanuel},
  journal={arXiv preprint arXiv:1508.00952},
  year={2015}
}

@article{nutini2017let,
  title={Let's Make Block Coordinate Descent Go Fast: Faster Greedy Rules, Message-Passing, Active-Set Complexity, and Superlinear Convergence},
  author={Nutini, Julie and Laradji, Issam and Schmidt, Mark},
  journal={arXiv preprint arXiv:1712.08859},
  year={2017}
}

@inproceedings{kyng2016approximate,
  title={Approximate gaussian elimination for laplacians-fast, sparse, and simple},
  author={Kyng, Rasmus and Sachdeva, Sushant},
  booktitle={2016 IEEE 57th Annual Symposium on Foundations of Computer Science (FOCS)},
  year={2016},
  organization={IEEE}
}

@misc{spielman2017laplacians,
  title={Laplacians. jl},
  author={Spielman, Daniel A and others},
  year={2017}
}

@inproceedings{zhou2004learning,
  title={Learning with local and global consistency},
  author={Zhou, Dengyong and Bousquet, Olivier and Lal, Thomas N and Weston, Jason and Sch{\"o}lkopf, Bernhard},
  booktitle={Advances in neural information processing systems},
  year={2004}
}

@article{zhu2002learning,
  title={Learning from labeled and unlabeled data with label propagation},
  author={Zhu, Xiaojin and Ghahramani, Zoubin},
  year={2002},
  publisher={Citeseer}
}

@article{bengio200611,
  title={11 label propagation and quadratic criterion},
  author={Bengio, Yoshua and Delalleau, Olivier and Le Roux, Nicolas},
  year={2006}
}
